@article{sanchez2006tutorial,
  title={Tutorial interactivo para la ense{\~n}anza y el aprendizaje de los algoritmos de b{\'u}squeda en anchura y en profundidad},
  author={S{\'a}nchez Torrubia, M Gloria and Guti{\'e}rrez Revenga, Samuel},
  year={2006},
  publisher={Asociaci{\'o}n de Ense{\~n}antes Universitarios de la Inform{\'a}tica (AENUI)}
}

@book{netto2003grafos,
  title={Grafos: teoria, modelos, algoritmos},
  author={Netto, Paulo Oswaldo Boaventura},
  year={2003},
  publisher={Editora Blucher}
}